[gd_scene load_steps=6 format=3 uid="uid://boo50swnvsev3"]

[ext_resource type="Script" path="res://pacman_level.gd" id="1_lt4ow"]

[sub_resource type="RectangleShape2D" id="RectangleShape2D_sf5km"]
size = Vector2(136, 18)

[sub_resource type="Gradient" id="Gradient_k5gbm"]
colors = PackedColorArray(0.384229, 0.384229, 0.384229, 1, 0.758192, 0.758192, 0.758192, 1)

[sub_resource type="GradientTexture1D" id="GradientTexture1D_mo8e7"]
gradient = SubResource("Gradient_k5gbm")

[sub_resource type="RectangleShape2D" id="RectangleShape2D_55f2a"]
size = Vector2(719, 308)

[node name="Node2D" type="Node2D"]
script = ExtResource("1_lt4ow")

[node name="Node2D" type="Node2D" parent="."]

[node name="TopLeftAngle" type="Node2D" parent="Node2D"]
position = Vector2(214, 149)

[node name="StaticBody2D" type="StaticBody2D" parent="Node2D/TopLeftAngle"]
position = Vector2(8, 9)

[node name="CollisionShape2D" type="CollisionShape2D" parent="Node2D/TopLeftAngle/StaticBody2D"]
position = Vector2(59, -1)
shape = SubResource("RectangleShape2D_sf5km")

[node name="Sprite2D" type="Sprite2D" parent="Node2D/TopLeftAngle/StaticBody2D"]
position = Vector2(59.5, -0.500001)
scale = Vector2(0.535156, 19)
texture = SubResource("GradientTexture1D_mo8e7")

[node name="StaticBody2D2" type="StaticBody2D" parent="Node2D/TopLeftAngle"]
position = Vector2(8, 9)
rotation = 1.5708

[node name="CollisionShape2D" type="CollisionShape2D" parent="Node2D/TopLeftAngle/StaticBody2D2"]
position = Vector2(59, -1)
shape = SubResource("RectangleShape2D_sf5km")

[node name="Sprite2D" type="Sprite2D" parent="Node2D/TopLeftAngle/StaticBody2D2"]
position = Vector2(59.5, -0.500001)
scale = Vector2(0.535156, 19)
texture = SubResource("GradientTexture1D_mo8e7")

[node name="BottomLeftAngleWall" type="Node2D" parent="Node2D"]
position = Vector2(214, 509)
rotation = -1.5708

[node name="StaticBody2D" type="StaticBody2D" parent="Node2D/BottomLeftAngleWall"]
position = Vector2(8, 9)

[node name="CollisionShape2D" type="CollisionShape2D" parent="Node2D/BottomLeftAngleWall/StaticBody2D"]
position = Vector2(59, -1)
shape = SubResource("RectangleShape2D_sf5km")

[node name="Sprite2D" type="Sprite2D" parent="Node2D/BottomLeftAngleWall/StaticBody2D"]
position = Vector2(59.5, -0.500001)
scale = Vector2(0.535156, 19)
texture = SubResource("GradientTexture1D_mo8e7")

[node name="StaticBody2D2" type="StaticBody2D" parent="Node2D/BottomLeftAngleWall"]
position = Vector2(8, 9)
rotation = 1.5708

[node name="CollisionShape2D" type="CollisionShape2D" parent="Node2D/BottomLeftAngleWall/StaticBody2D2"]
position = Vector2(59, -1)
shape = SubResource("RectangleShape2D_sf5km")

[node name="Sprite2D" type="Sprite2D" parent="Node2D/BottomLeftAngleWall/StaticBody2D2"]
position = Vector2(59.5, -0.500001)
scale = Vector2(0.535156, 19)
texture = SubResource("GradientTexture1D_mo8e7")

[node name="Node2D2" type="Node2D" parent="."]
position = Vector2(1190, 656)
rotation = 3.14159

[node name="TopLeftAngle" type="Node2D" parent="Node2D2"]
position = Vector2(214, 149)

[node name="StaticBody2D" type="StaticBody2D" parent="Node2D2/TopLeftAngle"]
position = Vector2(8, 9)

[node name="CollisionShape2D" type="CollisionShape2D" parent="Node2D2/TopLeftAngle/StaticBody2D"]
position = Vector2(59, -1)
shape = SubResource("RectangleShape2D_sf5km")

[node name="Sprite2D" type="Sprite2D" parent="Node2D2/TopLeftAngle/StaticBody2D"]
position = Vector2(59.5, -0.500001)
scale = Vector2(0.535156, 19)
texture = SubResource("GradientTexture1D_mo8e7")

[node name="StaticBody2D2" type="StaticBody2D" parent="Node2D2/TopLeftAngle"]
position = Vector2(8, 9)
rotation = 1.5708

[node name="CollisionShape2D" type="CollisionShape2D" parent="Node2D2/TopLeftAngle/StaticBody2D2"]
position = Vector2(59, -1)
shape = SubResource("RectangleShape2D_sf5km")

[node name="Sprite2D" type="Sprite2D" parent="Node2D2/TopLeftAngle/StaticBody2D2"]
position = Vector2(59.5, -0.500001)
scale = Vector2(0.535156, 19)
texture = SubResource("GradientTexture1D_mo8e7")

[node name="BottomLeftAngleWall" type="Node2D" parent="Node2D2"]
position = Vector2(214, 509)
rotation = -1.5708

[node name="StaticBody2D" type="StaticBody2D" parent="Node2D2/BottomLeftAngleWall"]
position = Vector2(8, 9)

[node name="CollisionShape2D" type="CollisionShape2D" parent="Node2D2/BottomLeftAngleWall/StaticBody2D"]
position = Vector2(59, -1)
shape = SubResource("RectangleShape2D_sf5km")

[node name="Sprite2D" type="Sprite2D" parent="Node2D2/BottomLeftAngleWall/StaticBody2D"]
position = Vector2(59.5, -0.500001)
scale = Vector2(0.535156, 19)
texture = SubResource("GradientTexture1D_mo8e7")

[node name="StaticBody2D2" type="StaticBody2D" parent="Node2D2/BottomLeftAngleWall"]
position = Vector2(8, 9)
rotation = 1.5708

[node name="CollisionShape2D" type="CollisionShape2D" parent="Node2D2/BottomLeftAngleWall/StaticBody2D2"]
position = Vector2(59, -1)
shape = SubResource("RectangleShape2D_sf5km")

[node name="Sprite2D" type="Sprite2D" parent="Node2D2/BottomLeftAngleWall/StaticBody2D2"]
position = Vector2(59.5, -0.500001)
scale = Vector2(0.535156, 19)
texture = SubResource("GradientTexture1D_mo8e7")

[node name="Area2D" type="Area2D" parent="."]
position = Vector2(584, 316)

[node name="CollisionShape2D" type="CollisionShape2D" parent="Area2D"]
position = Vector2(10.5, 13)
shape = SubResource("RectangleShape2D_55f2a")
